@book{Boylestad,
    author    = "Robert L. Boylestad; Louis Nashelsky; tradução: Sônia Midori Yamamoto;  revisão técnica: Alceu Ferreira Alves",
    title     = "DISPOSITIVOS
ELETRÔNICOS E TEORIA DE CIRCUITOS. 11ª ed.",
    year      = "2013",
    publisher = "Pearson Education do Brasil Ltda.",
    address   = "Rua Nelson Francisco, 26
CEP 02712-100 – São Paulo – SP – Brasil"
}
 
@book{pratica,
    author    = "Professor Daniel Villa.",
    title     = "Trabalho prático 3 de ELT 227 – Laboratório de Circuitos Elétricos II.",
    year      = "2021",
    publisher = "Universidade Federal de Viçosa, Departamento de Engenharia Elétrica",
    address   = "\url{https://ava.ufv.br}"
}
 
@misc{PLECS,
    author    = "Plexim",
    title     = "The Simulation Platform for Power Electronic Systems. Eletrical engineering software. Disponível em: \url{https://www.plexim.com/products/plecs}",
}

@misc{MATLAB,
    author    = "MathWorks",
    title     = "Math. Graphics. Programming. Disponível em: \url{https://www.mathworks.com/products/matlab.html}",
}

@misc{Wolfram,
    author    = "Wolfram Alpha",
    title     = "Wolfram Widgets - Diagramas de Bode. Disponível em: \url{https://www.wolframalpha.com/widgets/view.jsp?id=4fc4f7fd1d45911a392bbf36bb960863}",
}

@book{Sadiku,
    author    = "Charles K. Alexander; Matthew N. O. Sadiku; tradução: José Lucimar do Nascimento",
    title     = "FUNDAMENTOS DE CIRCUITOS elétricos. 5ª ed.",
    year      = "2013",
    publisher = "AMGH Editora Ltda.",
    address   = "Av. Embaixador Macedo Soares, 10.735 – Pavilhão 5 – Cond. Espace Center, Vila Anastácio, 05095-035 – São Paulo – SP – Brasil"
}

